@misc{MetaMap,
author = {{National Library of Medicine}},
file = {::},
title = {{MetaMap}},
url = {http://metamap.nlm.nih.gov/}
}
@phdthesis{Acher2011,
author = {Acher, M.},
booktitle = {Sophia},
file = {:Users/urli/Documents/Mendeley Desktop/Acher - 2011 - Managing Multiple Feature Models Foundations , Language and Applications.pdf:pdf},
school = {Nice-Sophia Antipolis},
title = {{Managing Multiple Feature Models : Foundations , Language and Applications}},
year = {2011}
}
